@article{Arulampalam2002,
  title={A Tutorial on Particle Filters for Online Nonlinear/Non-{G}aussian {B}ayesian Tracking},
  author={Arulampalam, M. Sanjeev and Maskell, Simon and Gordon, Neil and Clapp, Tim},
  journal={IEEE Transactions on Signal Processing},
  volume={50},
  year={2002}
}

@article{BuiQuang2016,
  title={Particle Filtering and the {L}aplace Method for Target Tracking},
  author={Bui Quang, Paul and Musso, Christian and Le Gland, Fran\c{c}ois},
  journal={IEEE Transactions on Aerospace and Electronic Systems},
  volume={52},
  year={2016}
}

@article{BuiQuang2018,
  title={{V}alue-at-{R}isk for {S}outh-{E}ast {A}sian Stock Markets: Stochastic Volatility vs. {GARCH}},
  author={Bui Quang, Paul and Klein, Tony and Nguyen, Nam H. and Walther, Thomas},
  journal={Journal of Risk and Financial Management},
  volume={11},
  year={2018}
}

@article{Chopin2004,
  title={Central limit theorem for sequential {M}onte {C}arlo methods and its application to {B}ayesian inference},
  author={Nicolas Chopin},
  journal={The Annals of Statistics},
  volume={32},
  year={2004}
}

@book{Cappe2005,
  author={Capp\'e, Olivier and Moulines, Eric and Ryd\'en, Tobias}, 
  title={Inference in Hidden Markov Models},
  publisher={Springer},
  year={2005}
}

@article{Cappe2007,
  title={An Overview of Existing Methods and Recent Advances in Sequential {M}onte {C}arlo},
  author={Capp\'e, Olivier and Godsill, Simon J.\ and Moulines, Eric},
  journal={Proceedings of the IEEE},
  volume={95},
  year={2007}
}

@article{Christoffersen1998,
  title={Evaluating interval forecasts},
  author={Christoffersen, Peter F.},
  journal={International Economic Review},
  volume={39},
  year={1998}
}

@article{Cont2001,
  title={Empirical Properties of Asset Returns: Stylized Facts and Statistical Issues},
  author={Cont, Rama},
  journal={Quantitative Finance},
  volume={1},
  year={2001}
}

@article{Crisan2002,
  title={A Survey of Convergence Results on Particle Filtering Methods for Practitioners},
  author={Crisan, Dan and Doucet, Arnaud},
  journal={IEEE Transactions on Signal Processing},
  volume={50},
  year={2002}
}

@article{DelMoral1996,
  title={Nonlinear Filtering: Interacting Particle Resolution},
  author={Del Moral, Pierre},
  journal={Markov Processes and Related Fields},
  volume={2},
  year={1996}
}

@article{DelMoral1998,
  title={Measure-valued processes and interacting particle systems. {A}pplication to nonlinear filtering problems},
  author={Del Moral, Pierre},
  journal={Annals of Applied Probability},
  volume={8},
  year={1998}
}

@article{Diebold1998,
  title={Evaluating Density Forecasts with Applications to Financial Risk Management},
  author={Diebold, Francis X. and Gunther, Todd A. and Tay, Anthony S.},
  journal={International Economic Review},
  volume={39},
  year={1998}
}

@article{Douc2008,
  title={Limit theorems for weighted samples with applications to sequential Monte Carlo methods},
  author={Douc, Randal and Moulines, Eric},
  journal={The Annals of Statistics},
  volume={36},
  year={2008}
}

@article{Doucet2000,
  title={On Sequential {M}onte {C}arlo Sampling Methods for {B}ayesian Filtering},
  author={Doucet, Arnaud and Godsill, Simon and Andrieu, Christophe},
  journal={Statistics and Computing},
  volume={10},
  year={2000}
}

@incollection{Doucet2011,
  author={Doucet, Arnaud and Johansen, Adam M.},
  title={A Tutorial on Particle Filtering and Smoothing: Fifteen Years Later},
  editor={Crisan, Dan and Rozovskii, Boris},
  booktitle={The Oxford Handbook of Nonlinear Filtering},
  publisher={Oxford University Press},
  pages={656-704},
  year={2011}
}

@article{Gneiting2014,
  title={Probabilistic Forecasting},
  author={Gneiting, Tilmann  and Katzfuss, Matthias},
  journal={Annual Review of Statistics and Its Application},
  volume={1},
  year={2014}
}

@article{Gordon1993,
  title={Novel approach  to  nonlinear/non-{G}aussian  {B}ayesian  state  estimation},
  author={Gordon, N.\ J.\ and Salmond, D.\ J.\ and Smith, A.\ F.\ M.},
  journal={IEE-Proceedings-F},
  volume={140},
  year={1993}
}

@article{Gustafsson2002,
  title={Particle Filters for Positioning, Navigation and Tracking},
  author={Gustafsson, Fredrik and Gunnarsson, Fredrik and Bergman, Niclas and Forssell, Urban and Jansson, Jonas and Karlsson, Rickard and Nordlund, Per-Johan},
  journal={IEEE Transactions on Signal Processing},
  volume={50},
  year={2002}
}

@article{Harvey1996,
  title={Estimation of an Asymmetric Stochastic Volatility Model for Asset Returns},
  author={Harvey, Andrew C. and Shepard, Neil},
  journal={Journal of Business \& Economic Statistics},
  volume={14},
  year={1996}
}

@book{Huber1981,
  author={Huber, Peter J.}, 
  title={Robust Statistics},
  publisher={John Wiley \& Sons},
  year={1981}
}

@book{Hyndman2018,
  author={Hyndman, Rob J. and Athanasopoulos, George},
  title={Forecasting: principles and practice},
  publisher={OTexts},
  year={2018},
  url={https://otexts.org/fpp2/}
}

@article{Jacquier2004,
  title={Bayesian Analysis of Stochastic Volatility Models with Fat-Tails and Correlated Errors},
  author={Jacquier, Eric and Polson, Nicholas G. and Rossi, Peter E.},
  journal={Journal of Econometrics},
  volume={122},
  year={2004}
}

@article{Jasra2012,
  title={Filtering via approximate {B}ayesian computation},
  author={Jasra, Ajay and Singh, Sumeetpal S. and Martin, James S. and McCoy, Emma},
  journal={Statistics and Computing},
  volume={22},
  year={2012}
}

@article{Kalman1960,
  title={A New Approach to Linear Filtering and Prediction Problems},
  author={Kalman, Rudolph E.},
  journal={Journal of Basic Engineering},
  volume={82},
  year={1960}
}

@article{Kantas2015,
  title={On Particle Methods for Parameter Estimation in State-Space Models},
  author={Kantas, Nikolas and Doucet, Arnaud and Singh, Sumeetpal S.\  and Maciejowski, Jan and Chopin, Nicolas},
  journal={Statistical Science},
  volume={30},
  year={2015}
}

@article{Kitagawa1987,
  title={Non-{G}aussian State-Space Modeling of Nonstationary Time Series},
  author={Kitagawa, Genshiro},
  journal={Journal of the American Statistical Association},
  volume={82},
  year={1987}
}

@article{Kitagawa1996,
  title={Monte {C}arlo Filter and Smoother for Non-{G}aussian Nonlinear State Space Models},
  author={Kitagawa, Genshiro},
  journal={Journal of Computational and Graphical Statistics},
  volume={5},
  year={1996}
}

@article{Ljung1978,
  title={On a measure of lack of fit in time series models},
  author={Ljung, G. M. and Box, G. E. P.},
  journal={Biometrika},
  volume={65},
  year={1978}
}

@article{Marsaglia2003,
  title={Evaluating {K}olmogorov's distribution},
  author={Marsaglia, George and Tsang, Wai Wan and Wang, Jingbo},
  journal={Journal of Statistical Software},
  volume={8},
  year={2003}
}

@book{Petris2009,
  author={Petris, Giovanni and Petrone, Sonia and Campagnoli, Patrizia},
  title={Dynamic Linear Models with {R}},
  publisher={Springer},
  year={2009}
}

@article{Rabiner1989,
  title={A Tutorial on Hidden {M}arkov Models and Selected Applications in Speech Recognition},
  author={Rabiner, Lawrence R.},
  journal={Proceedings of the IEEE},
  volume={77},
  year={1989}
}

@book{Sarkka2013,
  author={S\"arkk\"a, Simo}, 
  title={Bayesian Filtering and Smoothing},
  publisher={Cambridge University Press},
  year={2013}
}

@book{Taylor1986,
  author={Taylor, S. J.}, 
  title={Modelling Financial Time Series},
  publisher={John Wiley},
  year={1986}
}